@incollection{segal2004definition,
	title={The definition of conformal field theory},
	author={Segal, Graeme},
	booktitle={Topology, Geometry and Quantum Field Theory: Proceedings of the 2002 Oxford Symposium in Honour of the 60th Birthday of Graeme Segal},
	editor={U. Tillmann},
	series={London Mathematical Society Lecture Note Series},
	volume={308},
	pages={421--577},
	year={2004},
	publisher={Cambridge University Press}
}

@article{atiyah1988topological,
	title={Topological quantum field theories},
	author={Atiyah, Michael},
	journal={Publications Mathématiques de l'IHÉS},
	volume={68},
	pages={175--186},
	year={1988},
	url={http://www.numdam.org/item/PMIHES_1988__68__175_0/}
}

@incollection{baez2007higher,
	title={Higher gauge theory},
	author={Baez, John C. and Schreiber, Urs},
	booktitle={Categories in Algebra, Geometry and Mathematical Physics},
	pages={7--30},
	year={2007},
	publisher={American Mathematical Society},
	eprint={math/0511710},
	archivePrefix={arXiv}
}

@article{freed1995chern,
	title={Classical Chern-Simons theory. Part 1},
	author={Freed, Daniel S.},
	journal={Advances in Mathematics},
	volume={113},
	number={2},
	pages={237--303},
	year={1995},
	doi={10.1006/aima.1995.1021}
}

@inproceedings{abramsky2004categorical,
	title={A categorical semantics of quantum protocols},
	author={Abramsky, Samson and Coecke, Bob},
	booktitle={Proceedings. 19th Annual IEEE Symposium on Logic in Computer Science},
	pages={415--425},
	year={2004},
	organization={IEEE},
	eprint={quant-ph/0402130},
	archivePrefix={arXiv}
}

@article{selinger2007dagger,
	title={Dagger compact closed categories and completely positive maps},
	author={Selinger, Peter},
	journal={Electronic Notes in Theoretical Computer Science},
	volume={170},
	pages={139--163},
	year={2007},
	eprint={quant-ph/0510190},
	archivePrefix={arXiv},
	doi={10.1016/j.entcs.2006.12.018}
}

@inproceedings{weinstein1981symplectic,
	title={Symplectic categories},
	author={Weinstein, Alan},
	booktitle={Differential Geometric Methods in Mathematical Physics},
	pages={45--51},
	year={1981},
	publisher={Springer},
	doi={10.1007/BFb0092874}
}

@book{deutsch1997fabric,
	title={The Fabric of Reality},
	author={Deutsch, David},
	year={1997},
	publisher={Penguin Books},
	address={London}
}

@incollection{baez2011rosetta,
	title={Physics, topology, logic and computation: A Rosetta Stone},
	author={Baez, John C. and Stay, Mike},
	booktitle={New Structures for Physics},
	pages={95--172},
	year={2011},
	publisher={Springer},
	doi={10.1007/978-3-642-21293-7_4},
	eprint={arXiv:0903.0340}
}

@book{feynman1965character,
	title={The Character of Physical Law},
	author={Feynman, Richard P.},
	year={1965},
	publisher={MIT Press},
	address={Cambridge, MA}
}

@book{guillemin1984symplectic,
	title={Symplectic Techniques in Physics},
	author={Guillemin, Victor and Sternberg, Shlomo},
	year={1984},
	publisher={Cambridge University Press},
	isbn={9780521331740}
}

@book{maclane1971categories,
  title = {Categories for the Working Mathematician},
  author = {Mac Lane, Saunders},
  year = {1971},
  publisher = {Springer-Verlag},
  address = {New York},
  isbn = {978-0-387-90036-5}
}

@book{spivak2014category,
  title = {Category Theory for the Sciences},
  author = {Spivak, David I.},
  year = {2014},
  publisher = {MIT Press},
  address = {Cambridge, MA},
  isbn = {978-0-262-02691-3}
}

@book{degennes1993physics,
  title = {The Physics of Liquid Crystals},
  author = {de Gennes, Pierre-Gilles and Prost, Jacques},
  year = {1993},
  publisher = {Oxford University Press},
  address = {Oxford},
  isbn = {978-0-19-854042-4}
}

@book{cardy1996scaling,
  title = {Scaling and Renormalization in Statistical Physics},
  author = {Cardy, John},
  year = {1996},
  publisher = {Cambridge University Press},
  address = {Cambridge},
  isbn = {978-0-521-58955-4}
}

@book{ma1976modern,
  title = {Modern Theory of Critical Phenomena},
  author = {Ma, Shang-Keng},
  year = {1976},
  publisher = {Benjamin},
  address = {Reading, MA},
  isbn = {978-0-523-25721-7}
}

@article{grayson1987shortening,
  title = {The heat equation shrinks embedded plane curves to round points},
  author = {Grayson, Matthew A.},
  journal = {Journal of Differential Geometry},
  volume = {26},
  number = {2},
  pages = {285--314},
  year = {1987},
  publisher = {International Press}
}

@article{hamilton1982three,
  title = {Three-manifolds with positive Ricci curvature},
  author = {Hamilton, Richard S.},
  journal = {Journal of Differential Geometry},
  volume = {17},
  number = {2},
  pages = {255--306},
  year = {1982},
  publisher = {International Press}
}

@book{levin2009markov,
  title = {Markov Chains and Mixing Times},
  author = {Levin, David A. and Peres, Yuval and Wilmer, Elizabeth L.},
  year = {2009},
  publisher = {American Mathematical Society},
  address = {Providence, RI},
  isbn = {978-0-8218-4763-0}
}

@inproceedings{hudak1989conception,
  title = {Conception, evolution, and application of functional programming languages},
  author = {Hudak, Paul},
  booktitle = {ACM SIGPLAN Notices},
  volume = {24},
  number = {5},
  pages = {75--83},
  year = {1989},
  organization = {ACM}
}

@incollection{e2003multiscale,
  title = {Multiscale Modeling and Computation},
  author = {E, Weinan and Engquist, Bjorn},
  booktitle = {Multiscale Modeling and Simulation},
  publisher = {Springer},
  pages = {3--20},
  year = {2003},
  editor = {E, Weinan and Engquist, Bjorn}
}

@article{cotter2013bayesian,
	title={Bayesian inverse problems for functions and applications to fluid mechanics},
	author={Cotter, Simon L. and Roberts, Gareth O. and Stuart, Andrew M. and White, David},
	journal={Inverse Problems},
	volume={29},
	number={10},
	pages={104008},
	year={2013},
	publisher={IOP Publishing}
}

@book{morgan2007ricci,
	title={Ricci Flow and the Poincaré Conjecture},
	author={Morgan, John and Tian, Gang},
	year={2007},
	publisher={American Mathematical Society},
	series={Clay Mathematics Monographs},
	volume={3}
}

@article{damgaard1987stochastic,
	title={Stochastic quantization},
	author={Damgaard, Poul H. and Huffel, Helmuth},
	journal={Physics Reports},
	volume={152},
	number={5},
	pages={227--398},
	year={1987},
	publisher={Elsevier}
}

@book{chow2004ricci,
	title={The Ricci Flow: An Introduction},
	author={Chow, Bennett and Knopf, Dan},
	year={2004},
	publisher={American Mathematical Society},
	series={Mathematical Surveys and Monographs},
	volume={110}
}

@article{schimming2025defect,
	title        = {Topology and Dynamics of Disclinations in Three-Dimensional Nematic Liquid Crystals},
	author       = {Schimming, John P. and Selinger, Jonathan V.},
	journal      = {arXiv preprint arXiv:2212.10620},
	year         = {2025},
	note         = {Version 1},
	eprint       = {2212.10620},
	archivePrefix= {arXiv},
	primaryClass = {cond-mat.soft},
	url          = {https://arxiv.org/abs/2212.10620}
}

